1998 3638
183 243 241 346 viij
353 248 736 366 nnnnrro*

182 392 288 456 dandae
308 395 505 478 antiquitatis,
526 414 576 461 aut
595 399 761 463 conferendi
783 399 857 463 inter
879 398 909 465 se

182 498 298 582 ingenia
326 500 483 564 necessrtas.
507 502 550 566 Et
580 505 648 567 turi
677 504 822 568 defuntus
840 550 851 580 ‚
869 505 908 568 ad

66 632 73 647 ι
182 598 378 686 supplementa
396 606 506 672 acceffi.
530 608 565 671 In
587 609 703 683 duabus,
713 610 827 673 Fabulis
845 610 909 673 sunt

182 708 270 790 paulo
288 710 441 795 longiora,
459 714 488 774 in
508 714 568 775 aliis
587 714 719 778 breviora
731 740 748 790 ‚¹
759 732 793 777 ut
805 714 908 800 posiu-

180 810 254 875 lavit
275 806 354 876 locris
374 836 523 901 rerumne
544 818 637 883 series.
657 820 691 883 ld
708 821 833 883 uniltatis
853 821 908 883 ha-

182 914 253 981 bent
272 916 487 1004 supplementa,
514 925 544 984 in
562 924 649 986 literis
672 924 753 1010 aqud
773 942 857 1008 atque
876 928 909 988 in

182 1015 289 1086 artibus
307 1024 459 1089 necessaria
478 1050 511 1090 ac
533 1029 657 1104 decora,
676 1030 755 1112 quod
772 1052 826 1091 nec
845 1030 910 1092 hae·

183 1147 245 1191 reat
263 1130 418 1216 legentium
438 1135 570 1206 animus,
590 1155 643 1195 nec
663 1153 744 1195 mens
764 1132 909 1217 scriptoris

182 1233 278 1297 lateat.
295 1237 399 1298 Italicis
413 1239 499 1299 literis
519 1237 741 1322 distinguuntur,
755 1258 793 1300 ne
810 1237 909 1303 nostra

181 1361 237 1425 pro
258 1338 369 1403 Phaedri
391 1360 474 1425 partu
492 1344 681 1407 venditemus.

182 1436 186 1463 ³
222 1442 313 1507 iniis
339 1445 536 1529 conquiescere
552 1449 645 1531 potuit
663 1447 755 1511 labor.
777 1446 909 1512 stttune

180 1548 281 1612 deerat
299 1548 431 1614 editionis
451 1574 516 1635 pars
536 1552 688 1616 utililiima.
709 1551 791 1616 Olim
808 1551 909 1615 oslen-

181 1653 213 1716 di
244 1673 261 1715 e
292 1653 431 1718 Cornelio
462 1654 570 1720 Tacito
600 1656 748 1745 profecisse
780 1657 908 1745 summos

181 1759 261 1822 viros
285 1758 398 1821 Petrum
422 1763 550 1824 Corncille
575 1762 608 1826 dt
630 1761 773 1825 loannem
794 1762 910 1838 Racine..

183 1862 285 1945 Quim
298 1861 378 1946 juvat
389 1887 465 1927 nunc
477 1866 629 1930 ostendere.
635 1889 694 1928 non
706 1864 798 1928 solirm
814 1888 910 1949 quan·

93 1987 95 1993 ’
181 1970 246 2030 tirm
263 1990 278 2031 e
292 1969 413 2033 Phaedro
431 1970 585 2053 profecerit
602 1971 726 2033 loannes
745 1974 776 2030 dc
790 1971 820 2031 la
834 1975 909 2057 Fon-

182 2076 275 2148 taine,
294 2072 504 2157 sediquomodo
523 2076 560 2136 ab
581 2097 617 2136 eo
637 2075 719 2136 suerit
737 2072 908 2138 informatis

182 2179 315 2261 ‘egregius
337 2179 384 2239 ille
410 2202 444 2241 ac
473 2178 584 2262 prorsus
613 2179 749 2241 mirabilis
774 2178 909 2243 Gallica·

179 2281 246 2345 'rum
264 2283 436 2344 Fabulamm
454 2284 575 2345 artifex!
589 2283 620 2346 Si
637 2287 698 2366 quis
717 2306 785 2369 ergo
802 2285 909 2347 volue-

182 2388 239 2460 rit,
260 2386 328 2447 dum
350 2387 438 2471 legit,
458 2386 616 2448 dulcissimi
635 2386 780 2471 solidique
801 2389 909 2472 volup-

182 2504 241 2550 tate
260 2489 387 2572 perfrui,
405 2489 519 2550 Latinas
538 2489 659 2551 Fabulae
679 2494 746 2553 clun
764 2491 905 2569 Gallicis,

182 2591 312 2654 Gallicas
331 2597 397 2657 tirm
413 2593 520 2655 Latinis
539 2596 665 2662 invicem
680 2595 827 2669 conserat,
845 2597 909 2659 Ro·=

182 2717 301 2758 marram
323 2700 545 2760 concinnitatem
571 2697 772 2783 Gallicamque
798 2698 910 2777 festivi·

182 2816 272 2863 tatem
292 2798 461 2886 persentiat,
482 2800 598 2887 quando
620 2804 651 2868 δι
672 2804 783 2885 quoties
807 2803 908 2868 iisdem
